@book{Abramowitz,
  editor = {Abramowitz, M. AND Stegun, I. A. },
  title = {Handbook of Mathematical Functions with Formulas, Graphs, and Mathematical Tables},
  institution = {National Bureau of Standards},
  publisher = {US Government Printing Office},
  edition = {10},
  year = {1972},
  url={https://www.cs.bham.ac.uk/~aps/research/projects/as/project.php}
}

@book{KarniadakisSpencer,
  title={Spectral/hp element methods for computational fluid dynamics},
  author={Karniadakis, George and Sherwin, Spencer},
  year={2005},
  edition={2},
  doi={10.1093/acprof:oso/9780198528692.001.0001},
  publisher={Oxford University Press}
}

@book{DevilleFischer,
author = {M. O. Deville AND P. F. Fischer},
title = {High-Order Methods for Incompressible Fluid Flow},
journal = {International Journal of Heat and Mass Transfer},
publisher = {Cambridge University Press},
year = {2002},
doi = {10.1017/CBO9780511546792},
}

@book{Giraldo,
author = {Giraldo, Francis X},
title = {An Introduction to Element-Based Galerkin Methods on Tensor-Product Bases},
year = {2020},
publisher = {Springer},
doi={10.1007/978-3-030-55069-1}
}

@article{Markatos,
title = {Laminar and turbulent natural convection in an enclosed cavity},
journal = {International Journal of Heat and Mass Transfer},
volume = {27},
number = {5},
pages = {755-772},
year = {1984},
doi = {10.1016/0017-9310(84)90145-5},
author = {N.C. Markatos and K.A. Pericleous},
}

@book{Ferziger,
author = {Joel H. Ferziger},
title = {Computational Methods for Fluid Dynamics},
year = {2020},
publisher = {Springer},
doi={10.1007/978-3-319-99693-6}
}

@article{OpenMDAO,
Author = {Justin S. Gray and John T. Hwang and Joaquim R. R. A. Martins and Kenneth T. Moore and Bret A. Naylor},
Doi = {10.1007/s00158-019-02211-z},
Journal = {Structural and Multidisciplinary Optimization},
Month = {April},
Number = {4},
Pages = {1075--1104},
Title = {{OpenMDAO}: An open-source framework 
         for multidisciplinary design, analysis, 
         and optimization},
Volume = {59},
Year = {2019}}

@online{OpenMDAODoc,
title = {OpenMDAO 3.9.2 documentation},
url = {https://openmdao.org/twodocs/versions/3.9.2/index.html},
organization = {OpenMDAO Development Team},
date = {2021-05-14},
howpublished = {online},
}

@article{Armijo,
title = {Minimization of functions having Lipschitz continuous first partial derivatives},
journal = {Pacific Journal of Mathematics},
volume = {16},
number = {1},
year = {1966},
doi = {10.2140/pjm.1966.16.1},
author = {Larry Armijo},
}

@article{VierendeelsQNLS,
title = {Implicit coupling of partitioned fluid structure interaction problems with reduced order models},
journal = {Computers \& Structures},
volume = {85},
number = {11},
pages = {970-976},
year = {2007},
issn = {0045-7949},
doi = {10.1016/j.compstruc.2006.11.006},
url = {https://www.sciencedirect.com/science/article/pii/S0045794906003865},
author = {Jan Vierendeels and Lieve Lanoye and Joris Degroote and Pascal Verdonck},
}

@article{BogaersMVQN,
title = {Quasi-Newton methods for implicit black-box FSI coupling},
journal = {Computer Methods in Applied Mechanics and Engineering},
volume = {279},
pages = {113-132},
year = {2014},
issn = {0045-7825},
doi = {10.1016/j.cma.2014.06.033},
url = {https://www.sciencedirect.com/science/article/pii/S0045782514002199},
author = {A.E.J. Bogaers and S. Kok and B.D. Reddy and T. Franz},
}

@TechReport{PETScManual,
   Author = "Satish Balay and Shrirang Abhyankar and Mark~F. Adams and Jed Brown
   and Peter Brune and Kris Buschelman and Lisandro Dalcin and Alp Dener and Victor Eijkhout
   and William~D. Gropp and Dinesh Kaushik and Matthew~G. Knepley and Dave~A. May
   and Lois Curfman McInnes and Richard Tran Mills and Todd Munson and Karl Rupp
   and Patrick Sanan and Barry~F. Smith and Stefano Zampini and Hong Zhang and Hong Zhang",
   Title       = "{PETS}c Users Manual",
   Number      = "ANL-95/11 - Revision 3.15",
   Institution = "Argonne National Laboratory",
   Year        = "2021",
   url="https://petsc.org/release/docs/manual/manual.pdf"}
   
@online{PETScDoc,
	Author = "Satish Balay and Shrirang Abhyankar and Mark~F. Adams and Jed Brown
	and Peter Brune and Kris Buschelman and Lisandro Dalcin and Alp Dener and Victor Eijkhout
	and William~D. Gropp and Dinesh Kaushik and Matthew~G. Knepley and Dave~A. May
	and Lois Curfman McInnes and Richard Tran Mills and Todd Munson and Karl Rupp
	and Patrick Sanan and Barry~F. Smith and Stefano Zampini and Hong Zhang and Hong Zhang",
	title = {{PETS}c {W}eb page},
	url = {https://petsc.org/},
	date = {2021-08-14},
	howpublished = {online},
}
   
@article{petsc4py,
title = {Parallel distributed computing using Python},
journal = {Advances in Water Resources},
volume = {34},
number = {9},
pages = {1124-1139},
year = {2011},
issn = {0309-1708},
doi = {10.1016/j.advwatres.2011.04.013},
author = {Lisandro D. Dalcin and Rodrigo R. Paz and Pablo A. Kler and Alejandro Cosimo},}
   
@article{mpi4py,
title = {mpi4py: Status Update After 12 Years of Development},
journal = {Computing in Science \& Engineering},
volume = {23},
number = {4},
pages = {47-54},
year = {2021},
doi = {10.1109/MCSE.2021.3083216},
author = {L. Dalcin and Y.-L. L. Fang},
}

@online{mpi4pyDoc,
title = {MPI for python 3.1.1 Documentation},
url = {https://mpi4py.readthedocs.io/en/stable/index.html},
organization = {OpenMDAO Development Team},
date = {2021-08-14},
howpublished = {online},
}

@article{LGMRES,
author = {Baker, A. H. and Jessup, E. R. and Manteuffel, T.},
title = {A Technique for Accelerating the Convergence of Restarted GMRES},
journal = {SIAM Journal on Matrix Analysis and Applications},
volume = {26},
number = {4},
pages = {962-984},
year = {2005},
doi = {10.1137/S0895479803422014},
}

@article{GMRES,
author = {Saad, Youcef and Schultz, Martin H.},
title = {GMRES: A Generalized Minimal Residual Algorithm for Solving Nonsymmetric Linear Systems},
journal = {SIAM Journal on Scientific and Statistical Computing},
volume = {7},
number = {3},
pages = {856-869},
year = {1986},
doi = {10.1137/0907058},
}

@article{Dembo,
author = {Dembo, Ron S. and Eisenstat, Stanley C. and Steihaug, Trond},
title = {Inexact Newton Methods},
journal = {SIAM Journal on Numerical Analysis},
volume = {19},
number = {2},
pages = {400-408},
year = {1982},
doi = {10.1137/0719025},
}

@article{DeVahl,
author = {De Vahl Davis, G.},
title = {Natural convection of air in a square cavity: A bench mark numerical solution},
journal = {International Journal for Numerical Methods in Fluids},
volume = {3},
number = {3},
pages = {249-264},
keywords = {Natural Convection, Numerical Methods, Bench Mark Solution, Square Cavity},
doi = {10.1002/fld.1650030305},
year = {1983},
}

@book{Ortega,
author = {Ortega, J. M. and Rheinboldt, W. C.},
title = {Iterative Solution of Nonlinear Equations in Several Variables},
publisher = {Society for Industrial and Applied Mathematics},
year = {2000},
doi = {10.1137/1.9780898719468},
}

@article{OpenMDAOAitken,
author = {Kenway, Gaetan K. W. and Kennedy, Graeme J. and Martins, Joaquim R. R. A.},
title = {Scalable Parallel Approach for High-Fidelity Steady-State Aeroelastic Analysis and Adjoint Derivative Computations},
journal = {AIAA Journal},
volume = {52},
number = {5},
pages = {935-951},
year = {2014},
doi = {10.2514/1.J052255},
}

@article {xdsm,
title = {Extensions to the Design Structure Matrix for the Description of Multidisciplinary Design, Analysis, and Optimization Processes},
journal = {Structural and Multidisciplinary Optimization},
volume = {46},
year = {2012},
pages = {273-284},
doi = {10.1007/s00158-012-0763-y},
author = {Andrew B. Lambe and Joaquim R. R. A. Martins},
}